% This file was created with JabRef 2.3.1.
% Encoding: Cp1252


@INPROCEEDINGS{REINKE,
  author = {Claus Reinke},
  title = {Towards a {Haskell/Java} connection},
  booktitle = {Implementation of Functional Languages, IFL 1998},
  year = {1998},
  volume = {1595},
  series = {Lecture Notes in Computer Science},
  pages = {203-219},
  publisher = {Springer},
}

@INPROCEEDINGS{LAMBADA,
  author = {E. Meijer and S. Finne},
  title = {Lambada: {Haskell as a better Java}},
  booktitle = {Proceedings of the 2000 Haskell Workshop, Montreal, Canada},
  year = {2000},
}


@INPROCEEDINGS{LINKS1,
  author = {Ezra Cooper and Sam Lindley and Philip Wadler and Jeremy Yallop},
  title = {Links: Web Programming Without Tiers},
  booktitle = {Proceedings of the 5th International Symposium on Formal Methods
	for Components and Objects, FMCO '06},
  year = {2006},
  volume = {4709},
  series = {Lecture Notes in Computer Science},
  pages = {266-296},
  publisher = {Springer},
  isbn = {978-3-540-74791-8}
}

@MISC{AJAX,
  author = {J.J. Garrett},
  title = {Ajax: A New Approach to Web Applications},
  year = {2005},
  note = {\url{www.adaptivepath.com/ideas/essays/archives/000385.php}, visited March 2009}
}

@BOOK{JAVA,
  title = {The Java Language Specification},
  publisher = {Sun Microsystems},
  year = {1996},
  author = {J Gosling and B Joy and G Steele},
  isbn = {0-201-63451-1}
}


@INPROCEEDINGS{CURRY,
  author = {Hanus, M.},
  title = {Putting Declarative Programming into the Web: Translating {C}urry
	to {JavaScript}},
  booktitle = {Proc.\ of the 9th International ACM SIGPLAN Conference on Principle
	and Practice of Declarative Programming (PPDP'07)},
  year = {2007},
  pages = {155-166},
  publisher = {ACM Press}
}

@BOOK{HS,
  title = {Introduction to Combinators and $\lambda$--Calculus},
  publisher = {London Mathematical Society Student Texts},
  year = {1986},
  author = {J.R. Hindley and J.P. Seldin}
}

@INPROCEEDINGS{JKP,
  author = {J.M Martin Jansen and P. Koopman and R. Plasmeijer},
  title = {Efficient Interpretation by Transforming Data Types and Patterns
	to Functions},
  booktitle = {Proceedings Seventh Symposium on Trends in Functional Programming,
	TFP 2006, Nottingham, UK, 19-21 April 2006, The University of Nottingham},
  year = {2006},
  editor = {H. Nilsson},
  volume = {7},
  series = {Trends in Functional Programming},
  publisher = {Intellect Publisher}
}


@MISC{FLAPJAX,
  author = {Krishnamurthi, Shriram},
  title = {The {Flapjax} site},
  year = {2007},
  note = {\url{www.flapjax-lang.org}, visited March 2009}
}


@INPROCEEDINGS{HOP2,
  author = {Florian Loitsch and Manuel Serrano},
  title = {Hop Client-Side Compilation},
  booktitle = {Trends in Functional Programming, TFP 2007, New York},
  year = {2008},
  pages = {141-158},
  publisher = {Interact}
}

@ARTICLE{PJ2,
  author = {Peyton Jones, S.L.},
  title = {Implementing lazy functional languages on stock hardware: the spineless
	tagless g-machine},
  journal = {Journal of Functional Programming},
  year = {1992},
  volume = {2},
  pages = {127--202},
  number = {2}
}

@BOOK{PJ,
  title = {The Implementation of Functional Programming Languages},
  publisher = {Prentice-Hall},
  year = {1987},
  author = {Peyton Jones, S.L.},
  series = {International Series in Computer Science}
}

@INPROCEEDINGS{PAK,
  author = {Rinus Plasmeijer and Peter Achten and Pieter Koopman},
  title = {{iT}asks: Executable Specifications of Interactive Work Flow Systems
	for the Web},
  booktitle = {Proceedings of the 2007 ACM SIGPLAN International Conference on Functional
	Programming, Freiburg, Germany, October 1-3, 2007},
  year = {2007},
  editor = {Ramsey, N.},
  volume = {ICFP'07},
  series = {International Conference on Functional Programming},
  pages = {141--152},
  publisher = {ACM}
}

@BOOK{PE,
  title = {Functional Programming and Parallel Graph Rewriting},
  publisher = {Addison-Wesley},
  year = {1993},
  author = {R. Plasmeijer and M. van Eekelen},
  series = {International Computer Science Series}
}

@INPROCEEDINGS{PJKA,
  author = {Rinus Plasmeijer and Jan Martin Jansen and Pieter Koopman and Peter
	Achten},
  title = {Declarative {A}jax and Client Side Evaluation of Workflows using
	{iT}asks},
  booktitle = {Principles and Practice of Declarative Programming, Valencia, Spain,
	July 2008},
  year = {2008},
  volume = {PPDP 08}
}

@INPROCEEDINGS{HOP1,
  author = {M. Serrano and E. Gallesio and F. Loitsch},
  title = {Hop: a language for programming the web 2.0},
  booktitle = {ACM SIGPLAN Conference on Object-Oriented Programming, Systems, Languages,
	and Applications (OOPSLA 2006), Portland, Oregon, USA, October 22-26
	2006},
  year = {2006},
  pages = {975-985},
  bibsource = {DBLP, http://dblp.uni-trier.de}
}

@MANUAL{Clean,
    author      = {Plasmeijer, Rinus and Eekelen, Marko van},
    title       = {Concurrent {C}lean language report (version 2.0)},
    institution = ICIS,
    year        = 2001,
    month       = dec,
    note        = {\url{http://clean.cs.ru.nl}}
}

@book{Haskell
     ,editor={Peyton Jones, Simon}
     ,title={Haskell 98 Language and Libraries -- The Revised Report}
     ,publisher={Cambridge University Press}
     ,address={Cambridge, England}
     ,year=2003
     }

@MANUAL{Helium,
  title = {The Helium Project},
  organization = {Software Technology Group, the Institute of Information and Computing
	Sciences, Utrecht University, the Netherlands},
  note = {\url{www.cs.uu.nl/helium}}
}

@MANUAL{Hugs,
  title = {Hugs Online},
  note = {\url{www.Haskell.org/hugs}}
}


@article{ PAULSON,
author = {Linda Dailey Paulson},
title = {{Building Rich Web Applications with Ajax}},
journal ={Computer},
volume = {38},
number = {10},
issn = {0018-9162},
year = {2005},
pages = {14-17},
doi = {http://doi.ieeecomputersociety.org/10.1109/MC.2005.330},
publisher = {IEEE Computer Society},
address = {Los Alamitos, CA, USA},
}

@inproceedings{
    iEditors,
    author    = {Jansen, {Jan Martin} and Koopman, Pieter and Plasmeijer, Rinus},
    title     = {{iEditors}: extending {iTask} with interactive plug-ins},
    booktitle = {Proceedings of the 20th} # SIAFL # {'08},
    editor    = {Scholz, Sven-Bodo},
    address   = {Hertfordshire, UK},
    month     = {10-12,~} # sep,
    year      = 2008,
    publisher = {University of Hertfordshire},
    pages     = {170--186}
}

@inproceedings{HaskellScript,
  author    = {Erik Meijer and
               Daan Leijen and
               James Hook},
  title     = {{Client-Side Web Scripting with HaskellScript}},
  booktitle = {Practical Aspects of Declarative Languages, First International
               Workshop, PADL '99, San Antonio, Texas, USA, January 18-19,
               1999, Proceedings},
  publisher = {Springer},
  series    = {Lecture Notes in Computer Science},
  year      = {1999},
  pages     = {196-210},
  ee        = {http://link.springer.de/link/service/series/0558/bibs/1551/15510196.htm},
  crossref  = {DBLP:conf/padl/1999},
  bibsource = {DBLP, http://dblp.uni-trier.de}
  }
  
  @inproceedings{
    LDTA2010,
    author    = {Jansen, {Jan Martin} and Plasmeijer, Rinus and Koopman, Pieter and Achten, Peter},
    title     = {Embedding a Web-Based Workflow Management System in a Functional Language},
    booktitle = {Proceedings 10th} # LDTA # {'10},
    editor    = {Brabrand, Claus and Moreau, {Pierre-Etienne}},
    address   = {Paphos, Cyprus},
    month     = {March 27-28},
    year      = 2010,
    pages     = {79-93}
}
@inproceedings{
    ITASK,
    author    = {Plasmeijer, Rinus and Achten, Peter and Koopman, Pieter},
    title     = {{iTasks}: executable specifications of interactive work flow systems for the web},
    booktitle = {Proceedings of the 12th} # ICFP # {'07},
    address   = {Freiburg, Germany},
    year      = 2007,
    month     = {1-3,~} # oct,
    publisher = {ACM Press},
    isbn      = {978-1-59593-815-2},
    pages     = {141--152}
}
@inproceedings{
    ITASK_AJAX,
    author    = {Plasmeijer, Rinus and Jansen, {Jan Martin} and Koopman, Pieter and Achten, Peter},
    title     = {Declarative {Ajax} and client side evaluation of workflows using {iTasks}},
    booktitle = {Proceedings of the 10th} # PPDP # {'08},
    month     = {15-17,~} # jul,
    year      = 2008,
    address   = {Valencia, Spain},
    pages     = {56-66}
}
@phdthesis{
    DYNAMICS,
    author = {Arjen van Weelden},
    title  = {Putting types to good use},
    school = ICIS,
    year   = 2007,
    month  = {17,~} # oct,
    note   = {ISBN 978-90-9022041-3}
}
@MISC{SAPL,
  title = {The {Sapl} {H}ome {P}age},
  organization = {Faculty of Military Sciences, Netherlands Defense Academy},
  note = {\url{http://www.nlda-tw.nl/janmartin/sapl}},
  country = {the Netherlands}
}
